
@online{ChTech,
	author = {DuDesign},
	year = {2016},
	title = {CH {T}echnology: Funciones y {C}ar\'acteristicas de un {S}witch},
	url = {https://ch.net.pe/v2/funciones-caracteristicas-de-un-switch/},
	lastchecked = {2019-10-30} 
}

@book{Tanenbaum,
	Author = {Andrew S. Tanenbaum and David J. Wetherall},
	Title = {Redes de {C}omputadoras},
	Address = {Naucalpan de Ju\'arez, Estado de M\'exico},
	Edition = {5},
	Publisher = {Prentice Hall},
	Year = {2012},
	note = {Contenido extra\'ido: p\'ag. 386, Cap. 5}
}

@techreport{Temas_para_la_educacion,
	author = {Federaci\'on de Ense\~nanza de CC.OO, de Andaluc\'ia},
	title = {Temas para la Educaci\'on},
	institution = {Federaci\'on de Ense\~nanza de CC.OO},
	year = {2010},
	month = {5},
	number = {8},
	note = {Contenido extra\'ido: p\'ag. 6. Formato PDF}
}




