
@online{ChTech,
	author = {DuDesign},
	year = {2016},
	title = {CH {T}echnology: Funciones y {C}ar\'acteristicas de un {S}witch},
	url = {https://ch.net.pe/v2/funciones-caracteristicas-de-un-switch/},
	lastchecked = {2019-10-30} 
}

@book{Tanenbaum,
	Author = {Andrew S. Tanenbaum and David J. Wetherall},
	Title = {Redes de Computadoras},
	Address = {Naucalpan de Ju\'arez, Estado de M\'exico},
	Edition = {5},
	Publisher = {Prentice Hall},
	Year = {2012}
}




